@book{Xin:2014:CDA:2584545,
 author = {Xin, Xin and Liu, Yannian},
 title = {Control Design and Analysis for Underactuated Robotic Systems},
 year = {2014},
 isbn = {1447162501, 9781447162506},
 publisher = {Springer Publishing Company, Incorporated},
}
