@book{xin2014control,
  title={{Control Design and Analysis for Underactuated Robotic Systems}},
  author={Xin, Xin and Liu, Yannian},
  year={2014},
  publisher={Springer Science \& Business Media}
}